% This file was created with JabRef 2.6b2.
% Encoding: ISO8859_1

@ARTICLE{bret.nipy.09,
  author = {Brett, M},
  title = {NIPY: an open library and development framework for FMRI data analysis},
  journal = {Neuroimage},
  year = {2009},
  volume = {47},
  number = {S1},
  note = {http://nipy.org}
}

@ARTICLE{ghos.python-based.09,
  author = {Ghosh, S.S. and Whitfield-Gabrieli, S. and Nieto Castanon, A.},
  title = {A Python-based software package for pipelined, batch analysis of
	fMRI data},
  journal = {Neuroimage},
  year = {2009},
  volume = {47},
  number = {S1},
  note = {http://www.nitrc.org/projects/nipype/}
}

@INPROCEEDINGS{hagb.exploring.08,
  author = {Hagberg, A.},
  title = {Exploring network structure, dynamics, and function using NetworkX},
  year = {2008},
  series = {Proceedings of the 7th Python in Science Conference}
}

@INPROCEEDINGS{pere.ipython.07,
  author = {Perez, F. and Granger, B. E.},
  title = {{IP}ython: A System for Interactive Scientific Computing},
  year = {2007},
  volume = {9},
  number = {3},
  series = {Computing in Science and Engineering},
  pages = {21-29},
  note = {http://ipython.scipy.org}
}

